<?xml version="1.0" encoding="UTF-8"?><record xmlns="http://www.loc.gov/MARC21/slim" xmlns:cinclude="http://apache.org/cocoon/include/1.0" xmlns:zs="http://www.loc.gov/zing/srw/">
  <leader>00550cz  a2200157n  4500</leader>
  <controlfield tag="001">n  85192756 </controlfield>
  <controlfield tag="003">DLC</controlfield>
  <controlfield tag="005">19940408161902.6</controlfield>
  <controlfield tag="008">860514n| acannaab|          |a aaa ||| c</controlfield>
  <datafield tag="010" ind1=" " ind2=" ">
    <subfield code="a">n  85192756 </subfield>
  </datafield>
  <datafield tag="040" ind1=" " ind2=" ">
    <subfield code="a">IU</subfield>
    <subfield code="c">DLC</subfield>
    <subfield code="d">ICU</subfield>
  </datafield>
  <datafield tag="100" ind1="1" ind2="0">
    <subfield code="a">Mikhaĭlov, R.</subfield>
    <subfield code="q">(Rafaėlʹ)</subfield>
  </datafield>
  <datafield tag="400" ind1="1" ind2="0">
    <subfield code="a">Mikhaĭlov, Rafaėlʹ Mikhaĭlovich</subfield>
  </datafield>
  <datafield tag="400" ind1="1" ind2="0">
    <subfield code="a">Mihhailov, R.</subfield>
  </datafield>
  <datafield tag="670" ind1=" " ind2=" ">
    <subfield code="a">His Komissary idut vperedi, 1981:</subfield>
    <subfield code="b">t.p. (R. Mikhaĭlov) colophon (Rafaėlʹ Mikhaĭlovich Mikhaĭlov)</subfield>
  </datafield>
  <datafield tag="670" ind1=" " ind2=" ">
    <subfield code="a">Taevere, D. Agoonia, 1979:</subfield>
    <subfield code="b">t.p. (R. Mihhailov) colophon (R. Mikhaĭlov)</subfield>
  </datafield>
</record>